@ARTICLE{1, 
	author={P. Yan and K. Bowyer},
	journal={IEEE Transactions on Pattern Analysis and Machine Intelligence}, 
	title={Biometric Recognition Using 3D Ear Shape}, 
	year={2007}, 
	volume={29}, 
	number={8}, 
	pages={1297-1308}, 
	keywords={biometrics (access control);ear;face recognition;image matching;image segmentation;3D ear shape matching;biometric identification;biometric recognition;ear automated segmentation;ear biometrics;ear image preprocessing;Active contours;Biometrics;Ear;Error analysis;Face recognition;Humans;Image recognition;Image segmentation;Shape;Skin;3D shape;Biometrics;active contour;curvature estimation;ear biometrics;iterative closest point.;skin detection;Artificial Intelligence;Biometry;Ear, External;Female;Humans;Imaging, Three-Dimensional;Male;Models, Anatomic;Pattern Recognition, Automated}, 
	doi={10.1109/TPAMI.2007.1067}, 
	ISSN={0162-8828}
}